<record><leader>00000cas a22000007a 4500</leader><controlfield tag="001">14582907</controlfield><controlfield tag="008">861031d19731980inuwr ne      0    0eng d</controlfield><datafield ind1=" " ind2=" " tag="010"><subfield code="a">sn 86058888 </subfield></datafield><datafield ind1=" " ind2=" " tag="040"><subfield code="a">NPI</subfield><subfield code="b">eng</subfield><subfield code="c">NPI</subfield><subfield code="d">OCLCQ</subfield></datafield><datafield ind1=" " ind2=" " tag="042"><subfield code="a">msc</subfield></datafield><datafield ind1="0" ind2=" " tag="130"><subfield code="a">West Side story (Mount Vernon, Ind.)</subfield></datafield><datafield ind1="1" ind2="0" tag="245"><subfield code="a">West Side story.</subfield></datafield><datafield ind1=" " ind2=" " tag="260"><subfield code="a">Mt. Vernon, Ind. :</subfield><subfield code="b">Mt. Vernon Pub. Co.,</subfield><subfield code="c">-1980.</subfield></datafield><datafield ind1=" " ind2=" " tag="310"><subfield code="a">Weekly</subfield></datafield><datafield ind1="1" ind2=" " tag="362"><subfield code="a">Began with Jan. 24, 1973 issue.</subfield></datafield><datafield ind1="0" ind2=" " tag="362"><subfield code="a">-v. 8, no. 29 (Aug. 20, 1980).</subfield></datafield><datafield ind1=" " ind2=" " tag="500"><subfield code="a">Published in Evansville, Ind., &lt;Jan. 23, 1974&gt;-1980.</subfield></datafield><datafield ind1=" " ind2=" " tag="588"><subfield code="a">Description based on: Vol. 1, no. 34 (Oct. 24, 1973).</subfield></datafield><datafield ind1=" " ind2=" " tag="752"><subfield code="a">United States</subfield><subfield code="b">Indiana</subfield><subfield code="c">Posey</subfield><subfield code="d">Mt. Vernon.</subfield></datafield><datafield ind1=" " ind2=" " tag="752"><subfield code="a">United States</subfield><subfield code="b">Indiana</subfield><subfield code="c">Vanderburgh</subfield><subfield code="d">Evansville.</subfield></datafield><datafield ind1="0" ind2="0" tag="785"><subfield code="t">New West Side story</subfield><subfield code="w">(DLC)sn 87056287</subfield></datafield></record>